<?xml version="1.0" encoding="UTF-8"?><collection xmlns="http://www.loc.gov/MARC21/slim"><record><leader>00413nam--2200133-i-4500</leader><controlfield tag="001">000015914</controlfield><controlfield tag="002">20161230</controlfield><controlfield tag="005">20161230201031</controlfield><controlfield tag="008">060222s1000------------r-----000-0-eng-d</controlfield><datafield ind1=" " ind2=" " tag="080"><subfield code="a">550.8(043)</subfield></datafield><datafield ind1=" " ind2=" " tag="100"><subfield code="a">Chauveau,Jean</subfield></datafield><datafield ind1=" " ind2=" " tag="245"><subfield code="a">Etudes analogiques appliquees a l interpretati on geophysique et a la recherche de nouvelles methodes de prospection.these</subfield></datafield><datafield ind1=" " ind2=" " tag="260"><subfield code="a">Paris,L Universite,1972. Lo6p</subfield></datafield><datafield ind1=" " ind2=" " tag="852"><subfield code="a">74096</subfield></datafield></record></collection>